@article{lao2010relational,
  title={Relational retrieval using a combination of path-constrained random walks},
  author={Lao, Ni and Cohen, William W},
  journal={Machine learning},
  volume={81},
  number={1},
  pages={53--67},
  year={2010},
  publisher={Springer}
}

@inproceedings{lao2011random,
  title={Random walk inference and learning in a large scale knowledge base},
  author={Lao, Ni and Mitchell, Tom and Cohen, William W},
  booktitle={Proceedings of EMNLP},
  pages={529--539},
  year={2011},
}

@inproceedings{socher2013reasoning,
  title={Reasoning with neural tensor networks for knowledge base completion},
  author={Socher, Richard and Chen, Danqi and Manning, Christopher D and Ng, Andrew},
  booktitle={Proceedings of NIPS},
  pages={926--934},
  year={2013}
}

@inproceedings{nickel2016holographic,
  title={Holographic Embeddings of Knowledge Graphs.},
  author={Nickel, Maximilian and Rosasco, Lorenzo and Poggio, Tomaso A and others},
  booktitle={Proceedings of AAAI},
  pages={1955--1961},
  year={2016}
}

@inproceedings{wang2014knowledge,
  title={Knowledge Graph and Text Jointly Embedding.},
  author={Wang, Zhen and Zhang, Jianwen and Feng, Jianlin and Chen, Zheng},
  booktitle={Proceedings of EMNLP},
  volume={14},
  pages={1591--1601},
  year={2014}
}

@inproceedings{bordes2013translating,
  title={Translating embeddings for modeling multi-relational data},
  author={Bordes, Antoine and Usunier, Nicolas and Garcia-Duran, Alberto and Weston, Jason and Yakhnenko, Oksana},
  booktitle={Proceedings of NIPS},
  pages={2787--2795},
  year={2013}
}

@inproceedings{ji2015knowledge,
  title={Knowledge Graph Embedding via Dynamic Mapping Matrix.},
  author={Ji, Guoliang and He, Shizhu and Xu, Liheng and Liu, Kang and Zhao, Jun},
  booktitle={Proceedings of ACL},
  pages={687--696},
  year={2015}
}

@article{zelenko2003kernel,
  title={Kernel methods for relation extraction},
  author={Zelenko, Dmitry and Aone, Chinatsu and Richardella, Anthony},
  journal={JMLR},
  volume={3},
  number={Feb},
  pages={1083--1106},
  year={2003}
}

@inproceedings{gormley2015improved,
  title={Improved relation extraction with feature-rich compositional embedding models},
  author={Gormley, Matthew R and Yu, Mo and Dredze, Mark},
  booktitle={Proceedings of EMNLP},
  pages={1774--1784},
  year={2015}
}

@inproceedings{socher2012semantic,
  title={Semantic compositionality through recursive matrix-vector spaces},
  author={Socher, Richard and Huval, Brody and Manning, Christopher D and Ng, Andrew Y},
  booktitle={Proceedings of EMNLP-CoNLL},
  pages={1201--1211},
  year={2012},
}

@inproceedings{zeng2014relation,
  title={Relation Classification via Convolutional Deep Neural Network.},
  author={Zeng, Daojian and Liu, Kang and Lai, Siwei and Zhou, Guangyou and Zhao, Jun and others},
  booktitle={Proceedings of COLING},
  pages={2335--2344},
  year={2014}
}


@inproceedings{mintz2009distant,
  title={Distant supervision for relation extraction without labeled data},
  author={Mintz, Mike and Bills, Steven and Snow, Rion and Jurafsky, Dan},
  booktitle={Proceedings of ACL-IJCNLP},
  pages={1003--1011},
  year={2009},
}

@inproceedings{riedel2013relation,
  title={Relation Extraction with Matrix Factorization and Universal Schemas.},
  author={Riedel, Sebastian and Yao, Limin and McCallum, Andrew and Marlin, Benjamin M},
  booktitle={HLT-NAACL},
  pages={74--84},
  year={2013}
}

@InProceedings{vergamccallum,
  author    = {Verga, Patrick and McCallum, Andrew},
  title     = {Row-less Universal Schema},
  booktitle = {Proceedings of ACL},
  month     = {June},
  year      = {2016},
  pages     = {63--68},
}


@InProceedings{vergaEtAl,
  author    = {Verga, Patrick and Belanger, David and Strubell, Emma and Roth, Benjamin and McCallum, Andrew},
  title     = {Multilingual Relation Extraction using Compositional Universal Schema},
  booktitle = {Proceedings of NAACL},
  month     = {June},
  year      = {2016},
  pages     = {886--896},
}

@InProceedings{weston2013connecting,
  author    = {Weston, Jason  and  Bordes, Antoine  and  Yakhnenko, Oksana  and  Usunier, Nicolas},
  title     = {Connecting Language and Knowledge Bases with Embedding Models for Relation Extraction},
  booktitle = {Proceedings of EMNLP},
  month     = {October},
  year      = {2013},
  pages     = {1366--1371},
}

@inproceedings{xie2016representation,
  title={Representation Learning of Knowledge Graphs with Entity Descriptions.},
  author={Xie, Ruobing and Liu, Zhiyuan and Jia, Jia and Luan, Huanbo and Sun, Maosong},
  booktitle={Proceedings of AAAI},
  pages={2659--2665},
  year={2016}
}

@inproceedings{wang2016text,
  title={Text-Enhanced Representation Learning for Knowledge Graph.},
  author={Wang, Zhigang and Li, Juan-Zi},
  booktitle={Proceedings of IJCAI},
  pages={1293--1299},
  year={2016}
}

@inproceedings{zhong2015aligning,
  title={Aligning Knowledge and Text Embeddings by Entity Descriptions.},
  author={Zhong, Huaping and Zhang, Jianwen and Wang, Zhen and Wan, Hai and Chen, Zheng},
  booktitle={EMNLP},
  pages={267--272},
  year={2015}
}

@inproceedings{toutanova2015representing,
  title={Representing Text for Joint Embedding of Text and Knowledge Bases.},
  author={Toutanova, Kristina and Chen, Danqi and Pantel, Patrick and Poon, Hoifung and Choudhury, Pallavi and Gamon, Michael},
  booktitle={EMNLP},
  volume={15},
  pages={1499--1509},
  year={2015}
}

@article{yang2015embedding,
  title={Embedding entities and relations for learning and inference in knowledge bases},
  author={Yang, Bishan and Yih, Wen-tau and He, Xiaodong and Gao, Jianfeng and Deng, Li},
  journal={Proceedings of ICLR},
  year={2015}
}

@inproceedings{wang2014transh,
  title={Knowledge Graph Embedding by Translating on Hyperplanes.},
  author={Wang, Zhen and Zhang, Jianwen and Feng, Jianlin and Chen, Zheng},
  booktitle={Proceedings of AAAI},
  pages={1112--1119},
  year={2014}
}

@inproceedings{lin2015learning,
  title={Learning Entity and Relation Embeddings for Knowledge Graph Completion.},
  author={Lin, Yankai and Liu, Zhiyuan and Sun, Maosong and Liu, Yang and Zhu, Xuan},
  booktitle={Proceedings of AAAI},
  pages={2181--2187},
  year={2015}
}

@inproceedings{nickel2011three,
  title={A three-way model for collective learning on multi-relational data},
  author={Nickel, Maximilian and Tresp, Volker and Kriegel, Hans-Peter},
  booktitle={Proceedings of ICML},
  pages={809--816},
  year={2011}
}


@inproceedings{hoffmann2011knowledge,
  title={Knowledge-based weak supervision for information extraction of overlapping relations},
  author={Hoffmann, Raphael and Zhang, Congle and Ling, Xiao and Zettlemoyer, Luke and Weld, Daniel S},
  booktitle={Proceedings of ACL-HLT},
  year={2011}
}


@inproceedings{surdeanu2012multi,
  title={Multi-instance multi-label learning for relation extraction},
  author={Surdeanu, Mihai and Tibshirani, Julie and Nallapati, Ramesh and Manning, Christopher D},
  booktitle={Proceedings of EMNLP},
  year={2012},
}


@inproceedings{zeng2015distant,
  title={Distant supervision for relation extraction via piecewise convolutional neural networks},
  author={Zeng, Daojian and Liu, Kang and Chen, Yubo and Zhao, Jun},
  booktitle={Proceedings of EMNLP},
  year={2015}
}


@article{zhang2015relation,
  title={Relation Classification via Recurrent Neural Network},
  author={Zhang, Dongxu and Wang, Dong},
  journal={arXiv preprint arXiv:1508.01006},
  year={2015}
}


@inproceedings{xu2015classifying,
  title={Classifying Relations via Long Short Term Memory Networks along Shortest Dependency Paths.},
  author={Xu, Yan and Mou, Lili and Li, Ge and Chen, Yunchuan and Peng, Hao and Jin, Zhi},
  booktitle={Proceedings of EMNLP},
  year={2015}
}


@article{miwa2016end,
  title={End-to-end Relation Extraction using LSTMs on Sequences and Tree Structures},
  author={Miwa, Makoto and Bansal, Mohit},
  journal={Proceedings of ACL},
  year={2016}
}

@article{wu2016knowledge,
  title={Knowledge Representation via Joint Learning of Sequential Text and Knowledge Graphs},
  author={Wu, Jiawei and Xie, Ruobing and Liu, Zhiyuan and Sun, Maosong},
  journal={arXiv preprint arXiv:1609.07075},
  year={2016}
}



@InProceedings{luo-EtAl:2017:Long,
  author    = {Luo, Bingfeng and Feng, Yansong and Wang, Zheng and Zhu, Zhanxing and Huang, Songfang and Yan, Rui and Zhao, Dongyan},
  title     = {Learning with Noise: Enhance Distantly Supervised Relation Extraction with Dynamic Transition Matrix},
  booktitle = {Proceedings of ACL},
  year      = {2017},
  pages     = {430--439},
}



@inproceedings{lin2016neural,
  title={Neural Relation Extraction with Selective Attention over Instances.},
  author={Lin, Yankai and Shen, Shiqi and Liu, Zhiyuan and Luan, Huanbo and Sun, Maosong},
  booktitle={Proceedings of ACL},
  year={2016}
}

@article{bahdanau2014neural,
  title={Neural machine translation by jointly learning to align and translate},
  author={Bahdanau, Dzmitry and Cho, Kyunghyun and Bengio, Yoshua},
  journal={Proceedings of ICLR},
  year={2015}
}

